<?xml version="1.0" encoding="UTF-8"?><collection xmlns="http://www.loc.gov/MARC21/slim"><record><leader>00376nam--2200133-i-4500</leader><controlfield tag="001">000033280</controlfield><controlfield tag="002">20161230</controlfield><controlfield tag="005">20161230201039</controlfield><controlfield tag="008">060222s1000------------r-----000-0-eng-d</controlfield><datafield ind1=" " ind2=" " tag="080"><subfield code="a">541.515(043):547(043)</subfield></datafield><datafield ind1=" " ind2=" " tag="100"><subfield code="a">Monge, Jean-louis M</subfield></datafield><datafield ind1=" " ind2=" " tag="245"><subfield code="a">Etude des radicaux crees par irradiation du durene cristallin. these</subfield></datafield><datafield ind1=" " ind2=" " tag="260"><subfield code="a">Paris, Univ.Paris, 1972, 232p</subfield></datafield><datafield ind1=" " ind2=" " tag="852"><subfield code="a">40411</subfield></datafield></record></collection>